%YAML 1.1
%TAG !u! tag:unity3d.com,2011:
--- !u!1 &920983630742099226
GameObject:
  m_ObjectHideFlags: 0
  m_CorrespondingSourceObject: {fileID: 0}
  m_PrefabInstance: {fileID: 1506147892513318554}
  m_PrefabAsset: {fileID: 0}
  serializedVersion: 6
  m_Component:
  - component: {fileID: 1506147892513199412}
  m_Layer: 0
  m_Name: Missing Prefab (Dummy)
  m_TagString: Untagged
  m_Icon: {fileID: 0}
  m_NavMeshLayer: 0
  m_StaticEditorFlags: 0
  m_IsActive: 1
--- !u!4 &1506147892513199412
Transform:
  m_ObjectHideFlags: 0
  m_CorrespondingSourceObject: {fileID: 422830, guid: 9a5fb82b90aeeed449cc9e1a5ca2ac29,
    type: 3}
  m_PrefabInstance: {fileID: 1506147892513318554}
  m_PrefabAsset: {fileID: 0}
  m_GameObject: {fileID: 920983630742099226}
  m_LocalRotation: {x: 0, y: 0, z: 0, w: 1}
  m_LocalPosition: {x: 0, y: 0, z: 0}
  m_LocalScale: {x: 1, y: 1, z: 1}
  m_Children: []
  m_Father: {fileID: 1821359345190664839}
  m_RootOrder: 0
  m_LocalEulerAnglesHint: {x: 0, y: 0, z: 0}
--- !u!1 &1506147891660339775
GameObject:
  m_ObjectHideFlags: 0
  m_CorrespondingSourceObject: {fileID: 0}
  m_PrefabInstance: {fileID: 0}
  m_PrefabAsset: {fileID: 0}
  serializedVersion: 6
  m_Component:
  - component: {fileID: 1506147891660339773}
  - component: {fileID: 1506147891660339774}
  - component: {fileID: 1890583666073038538}
  m_Layer: 0
  m_Name: EnergyBall
  m_TagString: Untagged
  m_Icon: {fileID: 0}
  m_NavMeshLayer: 0
  m_StaticEditorFlags: 0
  m_IsActive: 1
--- !u!4 &1506147891660339773
Transform:
  m_ObjectHideFlags: 0
  m_CorrespondingSourceObject: {fileID: 0}
  m_PrefabInstance: {fileID: 0}
  m_PrefabAsset: {fileID: 0}
  m_GameObject: {fileID: 1506147891660339775}
  m_LocalRotation: {x: 0, y: 0, z: 0, w: 1}
  m_LocalPosition: {x: 12.675545, y: 5.5528145, z: 239.33}
  m_LocalScale: {x: 1, y: 1, z: 1}
  m_Children:
  - {fileID: 1821359345190664839}
  m_Father: {fileID: 0}
  m_RootOrder: 0
  m_LocalEulerAnglesHint: {x: 0, y: 0, z: 0}
--- !u!114 &1506147891660339774
MonoBehaviour:
  m_ObjectHideFlags: 0
  m_CorrespondingSourceObject: {fileID: 0}
  m_PrefabInstance: {fileID: 0}
  m_PrefabAsset: {fileID: 0}
  m_GameObject: {fileID: 1506147891660339775}
  m_Enabled: 1
  m_EditorHideFlags: 0
  m_Script: {fileID: 11500000, guid: 071c42cfcdd3ab3489506d9b9a31e592, type: 3}
  m_Name: 
  m_EditorClassIdentifier: 
  energyBallPool: {fileID: 0}
  energyBallHitEnemyEffectPool: {fileID: 0}
  f_speed: 5
  _timer: 0
  f_lifeTime: 20
  controller: {fileID: 0}
--- !u!65 &1890583666073038538
BoxCollider:
  m_ObjectHideFlags: 0
  m_CorrespondingSourceObject: {fileID: 0}
  m_PrefabInstance: {fileID: 0}
  m_PrefabAsset: {fileID: 0}
  m_GameObject: {fileID: 1506147891660339775}
  m_Material: {fileID: 0}
  m_IsTrigger: 1
  m_Enabled: 1
  serializedVersion: 2
  m_Size: {x: 0.5, y: 0.5, z: 1}
  m_Center: {x: 0, y: 0, z: -0.5}
--- !u!1 &8735829817745399236
GameObject:
  m_ObjectHideFlags: 0
  m_CorrespondingSourceObject: {fileID: 0}
  m_PrefabInstance: {fileID: 1506147892513318554}
  m_PrefabAsset: {fileID: 0}
  serializedVersion: 6
  m_Component:
  - component: {fileID: 1821359345190664839}
  m_Layer: 0
  m_Name: Sprays_02 (Missing Prefab)
  m_TagString: Untagged
  m_Icon: {fileID: 0}
  m_NavMeshLayer: 0
  m_StaticEditorFlags: 0
  m_IsActive: 1
--- !u!4 &1821359345190664839
Transform:
  m_ObjectHideFlags: 0
  m_CorrespondingSourceObject: {fileID: 0}
  m_PrefabInstance: {fileID: 1506147892513318554}
  m_PrefabAsset: {fileID: 0}
  m_GameObject: {fileID: 8735829817745399236}
  m_LocalRotation: {x: 0, y: 0, z: 0, w: 1}
  m_LocalPosition: {x: 0, y: 0, z: 0}
  m_LocalScale: {x: 1, y: 1, z: 1}
  m_Children:
  - {fileID: 1506147892513199412}
  m_Father: {fileID: 1506147891660339773}
  m_RootOrder: 0
  m_LocalEulerAnglesHint: {x: 0, y: 0, z: 0}
--- !u!1001 &1506147892513318554
PrefabInstance:
  m_ObjectHideFlags: 0
  serializedVersion: 2
  m_Modification:
    m_TransformParent: {fileID: 1506147891660339773}
    m_Modifications:
    - target: {fileID: 422830, guid: 9a5fb82b90aeeed449cc9e1a5ca2ac29, type: 3}
      propertyPath: m_LocalPosition.x
      value: 0
      objectReference: {fileID: 0}
    - target: {fileID: 422830, guid: 9a5fb82b90aeeed449cc9e1a5ca2ac29, type: 3}
      propertyPath: m_LocalPosition.y
      value: 0
      objectReference: {fileID: 0}
    - target: {fileID: 422830, guid: 9a5fb82b90aeeed449cc9e1a5ca2ac29, type: 3}
      propertyPath: m_LocalPosition.z
      value: 0
      objectReference: {fileID: 0}
    - target: {fileID: 422830, guid: 9a5fb82b90aeeed449cc9e1a5ca2ac29, type: 3}
      propertyPath: m_LocalRotation.x
      value: 0
      objectReference: {fileID: 0}
    - target: {fileID: 422830, guid: 9a5fb82b90aeeed449cc9e1a5ca2ac29, type: 3}
      propertyPath: m_LocalRotation.y
      value: 1
      objectReference: {fileID: 0}
    - target: {fileID: 422830, guid: 9a5fb82b90aeeed449cc9e1a5ca2ac29, type: 3}
      propertyPath: m_LocalRotation.z
      value: 0
      objectReference: {fileID: 0}
    - target: {fileID: 422830, guid: 9a5fb82b90aeeed449cc9e1a5ca2ac29, type: 3}
      propertyPath: m_LocalRotation.w
      value: 0
      objectReference: {fileID: 0}
    - target: {fileID: 422830, guid: 9a5fb82b90aeeed449cc9e1a5ca2ac29, type: 3}
      propertyPath: m_RootOrder
      value: 0
      objectReference: {fileID: 0}
    - target: {fileID: 422830, guid: 9a5fb82b90aeeed449cc9e1a5ca2ac29, type: 3}
      propertyPath: m_LocalEulerAnglesHint.x
      value: 0
      objectReference: {fileID: 0}
    - target: {fileID: 422830, guid: 9a5fb82b90aeeed449cc9e1a5ca2ac29, type: 3}
      propertyPath: m_LocalEulerAnglesHint.y
      value: 180
      objectReference: {fileID: 0}
    - target: {fileID: 422830, guid: 9a5fb82b90aeeed449cc9e1a5ca2ac29, type: 3}
      propertyPath: m_LocalEulerAnglesHint.z
      value: 0
      objectReference: {fileID: 0}
    - target: {fileID: 130238, guid: 9a5fb82b90aeeed449cc9e1a5ca2ac29, type: 3}
      propertyPath: m_Name
      value: Sprays_02
      objectReference: {fileID: 0}
    - target: {fileID: 19856866, guid: 9a5fb82b90aeeed449cc9e1a5ca2ac29, type: 3}
      propertyPath: InitialModule.maxNumParticles
      value: 20
      objectReference: {fileID: 0}
    - target: {fileID: 19856866, guid: 9a5fb82b90aeeed449cc9e1a5ca2ac29, type: 3}
      propertyPath: InitialModule.startSize.scalar
      value: 0.5
      objectReference: {fileID: 0}
    - target: {fileID: 19880888, guid: 9a5fb82b90aeeed449cc9e1a5ca2ac29, type: 3}
      propertyPath: InitialModule.startRotationX.minMaxState
      value: 3
      objectReference: {fileID: 0}
    - target: {fileID: 19880888, guid: 9a5fb82b90aeeed449cc9e1a5ca2ac29, type: 3}
      propertyPath: InitialModule.startRotationY.minMaxState
      value: 3
      objectReference: {fileID: 0}
    - target: {fileID: 19880888, guid: 9a5fb82b90aeeed449cc9e1a5ca2ac29, type: 3}
      propertyPath: InitialModule.startSize.scalar
      value: 0.25
      objectReference: {fileID: 0}
    - target: {fileID: 19880888, guid: 9a5fb82b90aeeed449cc9e1a5ca2ac29, type: 3}
      propertyPath: InitialModule.maxNumParticles
      value: 500
      objectReference: {fileID: 0}
    - target: {fileID: 19896084, guid: 9a5fb82b90aeeed449cc9e1a5ca2ac29, type: 3}
      propertyPath: InitialModule.startRotationX.minMaxState
      value: 3
      objectReference: {fileID: 0}
    - target: {fileID: 19896084, guid: 9a5fb82b90aeeed449cc9e1a5ca2ac29, type: 3}
      propertyPath: InitialModule.startRotationY.minMaxState
      value: 3
      objectReference: {fileID: 0}
    - target: {fileID: 19896084, guid: 9a5fb82b90aeeed449cc9e1a5ca2ac29, type: 3}
      propertyPath: InitialModule.startSize.scalar
      value: 0.3
      objectReference: {fileID: 0}
    - target: {fileID: 19896084, guid: 9a5fb82b90aeeed449cc9e1a5ca2ac29, type: 3}
      propertyPath: InitialModule.maxNumParticles
      value: 500
      objectReference: {fileID: 0}
    m_RemovedComponents: []
  m_SourcePrefab: {fileID: 100100000, guid: 9a5fb82b90aeeed449cc9e1a5ca2ac29, type: 3}
